<?xml version="1.0" encoding="UTF-8"?><collection xmlns="http://www.loc.gov/MARC21/slim"><record><leader>00409nam--2200121-i-4500</leader><controlfield tag="001">000046801</controlfield><controlfield tag="002">20161230</controlfield><controlfield tag="005">20161230201046</controlfield><controlfield tag="008">060222s1000------------r-----000-0-eng-d</controlfield><datafield ind1=" " ind2=" " tag="100"><subfield code="a">Walder, L.E.Q., Ballentyne, D.W.G</subfield></datafield><datafield ind1=" " ind2=" " tag="245"><subfield code="a">A dictionary of named effects and laws in chemistry, physics and mathematics. second revised and enlarged edition</subfield></datafield><datafield ind1=" " ind2=" " tag="260"><subfield code="a">New York, The Macmillan Co., 1961, V+234p</subfield></datafield><datafield ind1=" " ind2=" " tag="852"><subfield code="a">D.225</subfield></datafield></record></collection>